% This file was created with JabRef 2.4.2.
% Encoding: UTF8

@INPROCEEDINGS{becher04:_feurig_hacken_mit_firew,
  author = {Michael Becher and Maximillian Dornseif},
  title = {{Feuriges Hacken - Spaﬂ mit Firewire}},
  booktitle = {21C3: Proceedings of the 21st Chaos Communication Congress},
  date = {2004-12},
}

@CONFERENCE{bellard2005qfa,
  author = {Fabrice Bellard},
  title = {{QEMU, a fast and portable dynamic translator}},
  booktitle = {Proceedings of the USENIX Annual Technical Conference, FREENIX Track},
  date = {2005},
  pages = {41--46}
}

@INPROCEEDINGS{boileau06,
  author = {Adam Boileau},
  title = {{Hit by a Bus: Physical Access Attacks with Firewire}},
  booktitle = {RUXCON},
  date = {2006}
}

@BOOK{frederick95,
  title = {The mythical man-month (anniversary ed.)},
  publisher = {Addison-Wesley Longman Publishing Co., Inc.},
  date = {1995},
  author = {Brooks,Jr., Frederick P.},
  location = {Boston, MA, USA},
  isbn = {0-201-83595-9}
}

@ARTICLE{collins97a,
  author = {Robert R. Collins},
  title = {{In-Circuit Emulation: How the Microprocessor Evolved Over Time}},
  journal = {Dr. Dobbs Journal},
  date = {1997-09},
}

@ARTICLE{feske07,
  author = {Norman Feske},
  title = {{A case study on the cost and benefit of dynamic RPC marshalling
	for low-level system components}},
  journal = {SIGOPS Operating Systems Review},
  date = {2007},
  volume = {41},
  pages = {40--48},
  number = {4},
  location = {New York, NY, USA},
  doi = {http://doi.acm.org/10.1145/1278901.1278908},
  issn = {0163-5980},
  publisher = {ACM}
}

@ONLINE{green04,
  author = {Tom Green},
  title = {{1394 Kernel Debugging Tips and Tricks}},
  note = {Slide presentation at the WinHEC 2004},
  url = {http://download.microsoft.com/download/1/8/f/18f8cee2-0b64-41f2-893d-a6f2295b40c8/DW04001_WINHEC2004.ppt},
  urldate = {2009-06-03},
  date = {2004},
}

@PATENT{patent:4819234,
  number = {4819234},
  date = {1989-04},
  author = {Huber, William S. (Needham, MA)},
  title = {Operating system debugger},
  url = {http://www.freepatentsonline.com/4819234.html}
}

