@Book{BugsInWriting,
  author =	 {Lyn Dupré},
  title = 	 {BUGS in Writing --- A Guide to Debugging Your Prose},
  publisher = 	 {Addison-Wesley},
  year = 	 1998
}

